<?xml version="1.0" encoding="UTF-8" ?>
<collection xmlns:xsi="http://www.w3.org/2001/XMLSchema-instance" xsi:schemaLocation="http://www.loc.gov/MARC21/slim http://www.loc.gov/standards/marcxml/schema/MARC21slim.xsd" xmlns="http://www.loc.gov/MARC21/slim">
   <record>
      <leader>     mam a22     u  4500</leader>
      <controlfield tag="001">1910203</controlfield>
      <controlfield tag="003">COO</controlfield>
      <controlfield tag="005">20140820185440.0</controlfield>
      <controlfield tag="008">850607m19599999ir            000 0carar </controlfield>
      <datafield tag="010" ind1=" " ind2=" ">
         <subfield code="a">   62001625 /NE </subfield>
      </datafield>
      <datafield tag="035" ind1=" " ind2=" ">
         <subfield code="a">(NIC)notisAJX2515</subfield>
      </datafield>
      <datafield tag="035" ind1=" " ind2=" ">
         <subfield code="a">(OCoLC)64680545</subfield>
      </datafield>
      <datafield tag="035" ind1=" " ind2=" ">
         <subfield code="a">1910203</subfield>
      </datafield>
      <datafield tag="040" ind1=" " ind2=" ">
         <subfield code="c">MiU</subfield>
         <subfield code="d">MiU</subfield>
         <subfield code="d">NIC</subfield>
      </datafield>
      <datafield tag="100" ind1="1" ind2=" ">
         <subfield code="a">Tustarī, Muḥammad Taqī.</subfield>
      </datafield>
      <datafield tag="245" ind1="1" ind2="0">
         <subfield code="a">Qāmūs al-rijāl :</subfield>
         <subfield code="b">qāmūs ʻāmm li-aḥwāl jamīʻ ruwāt al-Shīʻah wa-muḥadithīhim bi-sabk badīʻ daqīq lam yasbiqahu ghayruh min kutub al-rijāl /</subfield>
         <subfield code="c">taʾlīf Muḥammad Taqī al-Dīn al-Tustarī.</subfield>
      </datafield>
      <datafield tag="260" ind1=" " ind2=" ">
         <subfield code="a">Tihrān :</subfield>
         <subfield code="b">Markaz Nashr al-Kitāb,</subfield>
         <subfield code="c">1959/60-</subfield>
      </datafield>
      <datafield tag="300" ind1=" " ind2=" ">
         <subfield code="a">v. ;</subfield>
         <subfield code="c">23 cm.</subfield>
      </datafield>
      <datafield tag="650" ind1=" " ind2="0">
         <subfield code="a">Shiites</subfield>
         <subfield code="x">Biography.</subfield>
      </datafield>
      <datafield tag="905" ind1=" " ind2=" ">
         <subfield code="a">19910516120000.0</subfield>
      </datafield>
      <datafield tag="950" ind1=" " ind2=" ">
         <subfield code="a">BP193</subfield>
         <subfield code="b">.T976 1959</subfield>
      </datafield>
      <datafield tag="903" ind1=" " ind2=" ">
         <subfield code="a">NYUACO</subfield>
         <subfield code="d">20141028</subfield>
         <subfield code="p">31924059458988</subfield>
      </datafield>
      <datafield tag="950" ind1=" " ind2=" ">
         <subfield code="a">BP193</subfield>
         <subfield code="b">.T97 1959</subfield>
         <subfield code="v">muj.1 </subfield>
      </datafield>
      <datafield tag="903" ind1=" " ind2=" ">
         <subfield code="a">NYUACO</subfield>
         <subfield code="d">20141028</subfield>
         <subfield code="p">31924059956346</subfield>
      </datafield>
      <datafield tag="950" ind1=" " ind2=" ">
         <subfield code="a">BP193</subfield>
         <subfield code="b">.T97 1959</subfield>
         <subfield code="v">muj.2 </subfield>
      </datafield>
   </record>
</collection>
